%% This BibTeX bibliography file was created using BibDesk.
%% http://bibdesk.sourceforge.net/

%% Created for Gabriel Gauci Maistre at 2017-05-31 18:04:11 +0200 


%% Saved with string encoding Unicode (UTF-8) 



@article{Matthew-D.-Hoffman:2014aa,
	Author = {Matthew D. Hoffman and Andrew Gelman},
	Date-Added = {2017-05-31 15:27:06 +0000},
	Date-Modified = {2017-05-31 15:29:03 +0000},
	Journal = {Journal of Machine Learning Research},
	Title = {The No-U-Turn Sampler: Adaptively Setting Path Lengths in Hamiltonian Monte Carlo},
	Volume = {15},
	Year = {2014}}

@book{Cormen:2009aa,
	Author = {Thomas H. Cormen and Chales E. Leiserson},
	Date-Added = {2017-02-21 10:34:48 +0000},
	Date-Modified = {2017-02-21 10:35:49 +0000},
	Publisher = {The MIT Press},
	Title = {Introduction to Algorithms},
	Year = {2009}}

@url{Gamba:2003aa,
	Author = {Andrea Gamba},
	Date-Added = {2017-02-17 16:42:08 +0000},
	Date-Modified = {2017-02-17 16:42:51 +0000},
	Lastchecked = {17/02/2016},
	Title = {Real Options Valuation: A Monte Carlo Approach},
	Urldate = {https://ssrn.com/abstract=302613},
	Year = {2003}}

@url{Blanchett:2013aa,
	Author = {Blanchett, David and Finke, Michael S. and Pfau, Wade D.},
	Date-Added = {2017-02-17 16:40:33 +0000},
	Date-Modified = {2017-02-17 16:41:30 +0000},
	Lastchecked = {17/02/2016},
	Title = {Asset Valuations and Safe Portfolio Withdrawal Rates},
	Urldate = {https://ssrn.com/abstract=2286146},
	Year = {2013}}

@url{Andersen:2007aa,
	Author = {Leif B. G. Andersen},
	Date-Added = {2017-02-17 16:38:59 +0000},
	Date-Modified = {2017-02-17 16:40:04 +0000},
	Lastchecked = {17/02/2016},
	Title = {Efficient Simulation of the Heston Stochastic Volatility Model},
	Urldate = {https://ssrn.com/abstract=946405},
	Year = {2007}}

@electronic{Darrat:2001aa,
	Author = {Darrat, Ali F. and Zhong, Maosen},
	Date-Added = {2017-02-17 16:34:43 +0000},
	Date-Modified = {2017-02-17 16:38:07 +0000},
	Keywords = {random walk hypothesis, Chinese stock market, artificial neural network},
	Lastchecked = {17/02/2016},
	Title = {On Testing the Random Walk Hypothesis: A Model-Comparison Approach},
	Urldate = {https://ssrn.com/abstract=285715},
	Year = {2001}}

@conference{Abrosimova:2002aa,
	Author = {Natalia Abrosimova and Gishan Dissanaike and Dirk Linowski},
	Booktitle = {EFA 2002 Berlin Meetings},
	Date-Added = {2017-02-17 16:31:27 +0000},
	Date-Modified = {2017-02-17 16:33:58 +0000},
	Title = {Testing Weak-Form Efficiency of the Russian Stock Market},
	Urldate = {https://ssrn.com/abstract=302287},
	Year = {2002}}

@book{Gelman:2014aa,
	Author = {Andrew Gelman and John B. Carlin and Hal S. Stern and David B. Dunson and Aki Vehtari and Donald B. Rubin},
	Date-Added = {2017-02-17 15:48:17 +0000},
	Date-Modified = {2017-02-17 15:49:31 +0000},
	Publisher = {CRC Press},
	Title = {Bayesian Data Analysis},
	Year = {2014}}

@book{Peter-J.-Brockwell:2016aa,
	Author = {Peter J. Brockwell and Richard A. Davis},
	Date-Added = {2017-02-17 15:20:26 +0000},
	Date-Modified = {2017-02-17 15:22:51 +0000},
	Publisher = {Springer},
	Title = {Introduction to Time Series and Forecasting},
	Year = {2016}}

@book{Mitchell:1997aa,
	Author = {Tom M. Mitchell},
	Date-Added = {2017-02-17 08:55:30 +0000},
	Date-Modified = {2017-02-17 08:56:23 +0000},
	Publisher = {McGraw Hill},
	Title = {Machine Learning},
	Year = {1997}}

@article{Radha:2015aa,
	Author = {Radha, S. and Thenmozhi, M.},
	Date-Added = {2016-12-16 17:27:35 +0000},
	Date-Modified = {2016-12-16 17:29:24 +0000},
	Journal = {Indian Institute of Capital Markets 9th Capital Markets Conference Paper},
	Month = {January},
	Title = {Forecasting Short Term Interest Rates Using ARMA, ARMA-GARCH and ARMA-EGARCH Models},
	Year = {2006}}

@url{Arnold:2007aa,
	Author = {Arnold, Tom and Bertus, Mark and Godbey, Jonathan M.},
	Date-Added = {2016-12-16 17:20:12 +0000},
	Date-Modified = {2016-12-16 17:20:59 +0000},
	Lastchecked = {16/12/16},
	Month = {December},
	Title = {A Simplified Approach to Understanding the Kalman Filter Technique},
	Urldate = {http://dx.doi.org/10.2139/ssrn.715301},
	Year = {2007}}

@article{Creamer:2010aa,
	Author = {Creamer, Germ{\'a}n G. and Freund, Yoav},
	Date-Added = {2016-12-16 17:16:28 +0000},
	Date-Modified = {2016-12-16 17:17:18 +0000},
	Journal = {Quantitative Finance},
	Month = {April},
	Number = {No. 10},
	Pages = {pp. 401--420},
	Title = {Automated Trading with Boosting and Expert Weighting},
	Volume = {Vol. 4},
	Year = {2010}}

@article{Kakushadze:2015aa,
	Author = {Zura Kakushadze},
	Date-Added = {2016-12-16 17:08:30 +0000},
	Date-Modified = {2016-12-16 17:09:23 +0000},
	Journal = {Journal of Asset Management},
	Number = {1},
	Pages = {14-40},
	Title = {Mean-Reversion and Optimization Mean-Reversion and Optimization},
	Volume = {16},
	Year = {2015}}

@electronic{Murugesan:2012aa,
	Author = {Murugesan, Punniyamoorthy and Thoppan, Jose Joy},
	Date-Added = {2016-12-16 17:06:34 +0000},
	Date-Modified = {2016-12-16 17:08:04 +0000},
	Month = {June},
	Title = {Detection of Stock Price Manipulation Using Discriminant Analysis},
	Urldate = {https://ssrn.com/abstract=2700037},
	Year = {2012}}

@url{Kumar:2016aa,
	Author = {Kumar, Manish and Thenmozhi, M.},
	Date-Added = {2016-12-16 16:48:43 +0000},
	Date-Modified = {2016-12-16 17:25:28 +0000},
	Journal = {Indian Institute of Capital Markets 9th Capital Markets Conference Paper},
	Month = {June},
	Title = {Forecasting Stock Index Movement: A Comparison of Support Vector Machines and Random Forest},
	Year = {2016}}

@article{Savvides:1994aa,
	Author = {Savvides, Savvakis C.},
	Date-Added = {2016-12-16 16:46:41 +0000},
	Date-Modified = {2016-12-16 16:47:40 +0000},
	Journal = {Project Appraisal Journal},
	Month = {March},
	Number = {No. 1},
	Title = {Risk Analysis in Investment Appraisal Risk Analysis in Investment Appraisal Risk Analysis in Investment Appraisal},
	Volume = {Vol. 9},
	Year = {1994}}

@url{Harvey:2014aa,
	Author = {Harvey, Campbell R. and Liu, Yan},
	Date-Added = {2016-12-16 16:45:21 +0000},
	Date-Modified = {2016-12-16 17:25:49 +0000},
	Lastchecked = {16/12/16},
	Month = {August},
	Title = {Evaluating Trading Strategies},
	Urldate = {https://ssrn.com/abstract=2474755},
	Year = {2014}}

@article{Di-Mascio:2016aa,
	Author = {Di Mascio, Rick and Lines, Anton and Naik, Narayan Y.},
	Date-Added = {2016-12-16 16:18:42 +0000},
	Date-Modified = {2016-12-16 16:21:08 +0000},
	Journal = {Paris December 2015 Finance Meeting EUROFIDAI - AFFI},
	Month = {May},
	Title = {Alpha Decay and Strategic Trading},
	Year = {2016}}

@electronic{Rochie:2016aa,
	Author = {Rochie, Cullen O.},
	Date-Added = {2016-12-15 10:51:05 +0000},
	Date-Modified = {2017-02-17 15:58:04 +0000},
	Lastchecked = {30/09/16},
	Month = {February},
	Title = {Understanding Modern Portfolio Construction},
	Urldate = {http://ssrn.com/abstract=2740027},
	Year = {2016}}

@article{Moskowitz:2011aa,
	Author = {Moskowitz, Tobias and Hua Ooi, Yao and Pedersen, Lasse H.},
	Date-Added = {2016-12-15 10:50:17 +0000},
	Date-Modified = {2017-02-17 15:56:51 +0000},
	Journal = {Chicago Booth Research},
	Month = {September},
	Title = {Time Series Momentum},
	Year = {2011}}

@article{Meucci:2009aa,
	Author = {Meucci, Attilio},
	Date-Added = {2016-12-15 10:49:18 +0000},
	Date-Modified = {2016-12-23 10:54:16 +0000},
	Journal = {Bloomberg Education \& Quantitative Research and Education Paper},
	Month = {April},
	Pages = {74-79},
	Title = {Managing Diversification},
	Year = {2009}}

@article{Markowitz:1952aa,
	Author = {Markowitz, Harry},
	Date-Added = {2016-12-15 10:48:34 +0000},
	Date-Modified = {2016-12-15 10:49:17 +0000},
	Journal = {American Finance Association},
	Title = {Portfolio Selection},
	Year = {1952}}

@url{Jorion:1999aa,
	Author = {Jorion, Philippe},
	Date-Added = {2016-12-15 10:45:53 +0000},
	Date-Modified = {2016-12-16 17:25:16 +0000},
	Lastchecked = {23/09/16},
	Month = {June},
	Title = {Risk Management Lessons from Long-Term Capital Management},
	Urldate = {http://papers.ssrn.com/sol3/papers.cfm?abstract_id=169449},
	Year = {1999}}

@url{Ernst:2016aa,
	Author = {Ernst, Philip and Thompson, James and Miao, Yinsen},
	Date-Added = {2016-12-15 10:39:10 +0000},
	Date-Modified = {2016-12-23 10:58:14 +0000},
	Lastchecked = {23/06/16},
	Month = {March},
	Title = {Tukey's Transformational Ladder for Portfolio Management},
	Urldate = {https://arxiv.org/abs/1603.06050},
	Year = {2016}}

@url{Bekkers:2009aa,
	Author = {Bekkers, Niel and Doeswijk, Ronald Q. and Lam, Trevin W.},
	Date-Added = {2016-12-15 10:29:08 +0000},
	Date-Modified = {2016-12-23 10:57:36 +0000},
	Lastchecked = {30/09/16},
	Month = {October},
	Title = {Strategic Asset Allocation: Determining the Optimal Portfolio with Ten Asset Classes},
	Urldate = {http://ssrn.com/abstract=1368689},
	Year = {2009}}

@article{Bailey:2015aa,
	Author = {Bailey, David H. and Borwein, Jonathan M. and Lopez de Prado, Marcos and Jim Zhu, Qiji},
	Date-Added = {2016-12-15 10:28:26 +0000},
	Date-Modified = {2016-12-23 10:57:52 +0000},
	Journal = {Journal of Computational Finance (Risk Journals)},
	Title = {The Probability of Backtest Overfitting},
	Year = {2015}}

@article{Arunkumar:2016aa,
	Author = {Arunkumar, Rekha and Kotreshwar, G.},
	Date-Added = {2016-12-15 10:24:24 +0000},
	Date-Modified = {2016-12-23 10:57:12 +0000},
	Journal = {Indian Institute of Capital Markets 9th Capital Markets Conference Paper},
	Title = {Risk Management in Commercial Banks (A Case Study of Public and Private Sector Banks)},
	Year = {2005}}
